@Article{Brown2008,
  author = "Benedict J. Brown and Corey Toler-Franklin and Diego Nehab and
    Michael Burns and David Dobkin and Andreas
    Vlachopoulos and Christos Doumas and Szymon
    Rusinkiewicz and Tim Weyrich",
  title = "A System for High-Volume Acquisition and Matching of Fresco
    Fragments: Reassembling {Theran} Wall Paintings",
  journal = "ACM Transactions on Graphics (Proc. SIGGRAPH)",
  year = "2008",
  month = aug,
  volume = "27",
  number = "3"}

@Inproceedings{TolerFranklin2010,
  author = "Corey Toler-Franklin and Benedict Brown and Tim Weyrich and
    Thomas Funkhouser and Szymon Rusinkiewicz",
  title = "Multi-Feature Matching of Fresco Fragments",
  booktitle = "ACM Transactions on Graphics (Proc. SIGGRAPH Asia)",
  year = "2010",
  month = dec}

@Misc{wiki,
  author =       {Wikipedia},
  title =        {Voorbeeld},
  howpublished = {URL: \url{http://127.0.0.1},
                  laatst nagekeken op 2010-01-07}}